/Users/jriely/cvs/nonmca/bib.bib